@misc{dcent,
	author = {Arag\'on, P. and Calleja-L\'opez, A. and G\'omez, V. and Kaltenbrunner, A. and Laniado, D. and Manca, M. and Monterde, A. and Bria, F.},
	title = {Networked Models of Democracy},
	institution = {D-CENT (Decentralised Citizens ENgagement Technologies) project},
	year = {2016},
	volume = {9},
	howpublished = "\url{http://dcentproject.eu/wp-content/uploads/2016/06/D2.5-1.pdf}",
	number = {D2.5}
}

@inproceedings{cortes2015adaptation,
  title={Adaptation algorithm and theory based on generalized discrepancy},
  author={Cortes, C. and Mohri, M. and Mu{\~n}oz Medina, A.},
  booktitle={Proceedings of the 21th ACM SIGKDD International Conference on Knowledge Discovery and Data Mining},
  pages={169--178},
  year={2015},
  organization={ACM}
}

@book{Pearl,
 author = {Pearl, Judea},
 title = {Causality: Models, Reasoning, and Inference},
 year = {2000},
 isbn = {0-521-77362-8},
 publisher = {Cambridge University Press},
 address = {New York, NY, USA},
} 

@misc{digital,
	author = {{Mobile World Capital, Barcelona}},
	title = {{L'escletxa digital a Barcelona}},
	howpublished = "\url{http://www.mobileworldcapital.com/escletxa-digital/}",
	institution = {},
	year = {2016},
}

@book{Murphy,
 author = {Murphy, Kevin P.},
 title = {Machine Learning: A Probabilistic Perspective},
 year = {2012},
 isbn = {0262018020, 9780262018029},
 publisher = {The MIT Press},
} 

@article{Bareinboim05072016,
	author = {Bareinboim, E. and Pearl, J.}, 
	title = {Causal inference and the data-fusion problem},
	volume = {113}, 
	number = {27}, 
	pages = {7345-7352}, 
	year = {2016}, 
	doi = {10.1073/pnas.1510507113}, 
	URL = {http://www.pnas.org/content/113/27/7345.abstract}, 
	eprint = {http://www.pnas.org/content/113/27/7345.full.pdf}, 
	journal = {Proceedings of the National Academy of Sciences} 
}

@inproceedings{huang2006correcting,
  title={Correcting sample selection bias by unlabeled data},
  author={Huang, J. and Gretton, A. and Borgwardt, K.~M. and Sch{\"o}lkopf, B. and Smola, A.~J.},
  booktitle={Advances in neural information processing systems},
  pages={601--608},
  year={2006}
}
@inproceedings{cortes2008sample,
  title={Sample selection bias correction theory},
  author={Cortes, C. and Mohri, M. and Riley, M. and Rostamizadeh, A.},
  booktitle={International Conference on Algorithmic Learning Theory},
  pages={38--53},
  year={2008},
  organization={Springer}
}