@techreport{report,
     title = {{decidim.barcelona, Spain. Voice or chatter?}},
     author = {Pe\~na~-~L\'opez, I.},
     year = {2017},
     institution = {Case studies. Bengaluru: IT for Change. Open University of Catalonia},
}
@article{navarro2017temporal,
  title={Temporal patterns behind the strength of persistent ties},
  author={Navarro, Henry and Miritello, Giovanna and Canales, Arturo and Moro, Esteban},
  journal={EPJ Data Science},
  volume={6},
  number={1},
  pages={31},
  year={2017},
  publisher={Springer}
}

@techreport{dcent,
     title = {{Networked Models of
Democracy}},
     author = {Pablo Arag\'on and Antonio Calleja-L\'opez and Vicen\c{c} G\'omez and Andreas Kaltenbrunner and David Laniado and Matteo Manca and Arnau Monterde and Francesca Bria},
     year = {2015},
     institution = {Decentralised Citizens ENgagement Technologies (DCENT). Specific Targeted Research Project Collective Awareness Platforms},
     month = {05}
}
@Inproceedings{Aragon2017,
author="Arag{\'o}n, Pablo
and Kaltenbrunner, Andreas
and Calleja-L{\'o}pez, Antonio
and Pereira, Andr{\'e}s
and Monterde, Arnau
and Barandiaran, Xabier E.
and G{\'o}mez, Vicen{\c{c}}",
title="Deliberative Platform Design: The Case Study of the Online Discussions in Decidim Barcelona",
bookTitle="Social Informatics: 9th International Conference (SocInfo) (vol II)",
year="2017",
publisher="Springer",
pages="277--287",
isbn="978-3-319-67256-4",
doi="10.1007/978-3-319-67256-4_22",
url="https://doi.org/10.1007/978-3-319-67256-4_22"
}


@article{ahmad2018tie,
  title={Tie-decay temporal networks in continuous time and eigenvector-based centralities},
  author={Ahmad, Walid and Porter, Mason A and Beguerisse-D{\'\i}az, Mariano},
  journal={arXiv preprint arXiv:1805.00193},
  year={2018}
}
@article{chawla2002smote,
  title={SMOTE: synthetic minority over-sampling technique},
  author={Chawla, Nitesh V and Bowyer, Kevin W and Hall, Lawrence O and Kegelmeyer, W Philip},
  journal={Journal of artificial intelligence research},
  volume={16},
  pages={321--357},
  year={2002}
}
@online{pam,
  title = {Ajuntament de Barcelona: Pl\`a d'Actuaci\'o Municipal},
  year = 2016,
  url = {https://www.decidim.barcelona/processes/pam},
  urldate = {2018-08-16}
}
@book{Murphy:2012:MLP:2380985,
 author = {Murphy, Kevin P.},
 title = {Machine Learning: A Probabilistic Perspective},
 year = {2012},
 isbn = {0262018020, 9780262018029},
 publisher = {The MIT Press},
} 
@article{logit,
author = {S. Cramer, J},
year = {2003},
month = {01},
pages = {},
title = {The Origins and Development of the Logit Model}
}

@Article{rf,
author="Breiman, Leo",
title="Random Forests",
journal="Machine Learning",
year="2001",
month="Oct",
day="01",
volume="45",
number="1",
pages="5--32",
issn="1573-0565",
doi="10.1023/A:1010933404324",
url="https://doi.org/10.1023/A:1010933404324"
}

@article{roc,
author = {D. Brown, Christopher and T. Davis, Herbert},
year = {2006},
month = {01},
pages = {24-38},
title = {Receiver Operating Characteristics Curves and Related Decision Measures: A Tutorial},
volume = {80},
booktitle = {Chemometrics and Intelligent Laboratory Systems}
}

@INPROCEEDINGS{cross-validation,
    author = {Ron Kohavi},
    title = {A Study of Cross-Validation and Bootstrap for Accuracy Estimation and Model Selection},
    booktitle = {},
    year = {1995},
    pages = {1137--1143},
    publisher = {Morgan Kaufmann}
}

@inproceedings{prec_recall,
 author = {Davis, Jesse and Goadrich, Mark},
 title = {The Relationship Between Precision-Recall and ROC Curves},
 booktitle = {Proceedings of the 23rd International Conference on Machine Learning},
 series = {ICML '06},
 year = {2006},
 isbn = {1-59593-383-2},
 location = {Pittsburgh, Pennsylvania, USA},
 pages = {233--240},
 numpages = {8},
 url = {http://doi.acm.org/10.1145/1143844.1143874},
 doi = {10.1145/1143844.1143874},
 acmid = {1143874},
 publisher = {ACM},
 address = {New York, NY, USA},
} 