@Inproceedings{decidim,
author="Arag{\'o}n, Pablo
and Kaltenbrunner, Andreas
and Calleja-L{\'o}pez, Antonio
and Pereira, Andr{\'e}s
and Monterde, Arnau
and Barandiaran, Xabier E.
and G{\'o}mez, Vicen{\c{c}}",
title="Deliberative Platform Design: The Case Study of the Online Discussions in Decidim Barcelona",
bookTitle="Social Informatics: 9th International Conference (SocInfo) (vol II)",
year="2017",
publisher="Springer",
pages="277--287",
isbn="978-3-319-67256-4",
doi="10.1007/978-3-319-67256-4_22",
url="https://doi.org/10.1007/978-3-319-67256-4_22"
}



@article{decide.madrid,
author = {Cantador, Iván and Bellogín, Alejandro and Cortés-Cediel, María and Gil, Olga},
year = {2017},
month = {08},
pages = {},
title = {Personalized recommendations in e-participation: Offline experiments for the 'Decide Madrid' platform}
}

@article{discovery.system.democracy,
author = {Aragón, Pablo and Bermejo, Yago and Gómez, Vicenç and Kaltenbrunner, Andreas},
year = {2018},
month = {07},
pages = {},
title = {Interactive Discovery System for Direct Democracy}
}

@article{egoverment.recomender,
author = {Al-Hassan, Malak and Lu, Helen and Lu, Jie},
year = {2015},
month = {02},
pages = {},
title = {A Semantic Enhanced Hybrid Recommendation Approach: a Case Study of E-government Tourism Service Recommendation System},
volume = {72},
booktitle = {Decision Support Systems}
}

@article{vector.space,
author = {Salton, G.M. and Wong, A and Yang, C.S.A.},
year = {1975},
month = {11},
pages = {613-},
title = {A Vector Space Model for Automatic Indexing},
volume = {18},
booktitle = {Commun. ACM}
}

@book{manning2008introduction,
  added-at = {2010-12-20T06:06:48.000+0100},
  address = {Cambridge, UK},
  author = {Manning, Christopher D. and Raghavan, Prabhakar and Schütze, Hinrich},
  biburl = {https://www.bibsonomy.org/bibtex/29f4ab13e07b48b9723113aa74224be65/folke},
  interhash = {2e574e46b7668a7268e7f02b46f4d9bb},
  intrahash = {9f4ab13e07b48b9723113aa74224be65},
  isbn = {978-0-521-86571-5},
  keywords = {book information introduction ir retrieval},
  publisher = {Cambridge University Press},
  timestamp = {2010-12-20T06:06:48.000+0100},
  title = {Introduction to Information Retrieval},
  url = {http://nlp.stanford.edu/IR-book/information-retrieval-book.html},
  year = 2008
} 

@article{mikolov2013,
author = {Mikolov, Tomas and Corrado, G.s and Chen, Kai and Dean, Jeffrey},
year = {2013},
month = {01},
pages = {1-12},
title = {Efficient Estimation of Word Representations in Vector Space}
}

@article{mikolov.phrases,
author = {Mikolov, Tomas and Sutskever, Ilya and Chen, Kai and Corrado, G.s and Dean, Jeffrey},
year = {2013},
month = {10},
pages = {},
title = {Distributed Representations of Words and Phrases and their Compositionality},
volume = {26},
booktitle = {Advances in Neural Information Processing Systems}
}

@article{sumarization,
author = {Kågebäck, Mikael and Mogren, Olof and Tahmasebi, Nina and Dubhashi, Devdatt},
year = {2014},
month = {04},
pages = {},
title = {Extractive Summarization using Continuous Vector Space Models}
}

@article{clust.short.text,
author = {Shrestha, Prajol and Jacquin, Christine and Daille, Béatrice},
year = {2012},
month = {03},
pages = {169-180},
title = {Clustering Short Text and Its Evaluation}
}

@article{rep.short.text,
author = {De Boom, Cedric and Van Canneyt, Steven and Demeester, Thomas and Dhoedt, Bart},
year = {2016},
month = {06},
pages = {},
title = {Representation learning for very short texts using weighted word embedding aggregation},
volume = {80},
booktitle = {Pattern Recognition Letters}
}

@article{clusteringSurvey,
author = {Aggarwal, Charu and Zhai, Chengxiang},
year = {2012},
month = {08},
pages = {},
title = {A Survey of Text Clustering Algorithms},
booktitle = {Mining Text Data}
}

@article{mullner,
author = {Müllner, Daniel},
year = {2011},
month = {09},
pages = {},
title = {Modern hierarchical, agglomerative clustering algorithms}
}

@article{wmd,
author = {Kusner, Matt and Sun, Y and Kolkin, N.I. and Weinberger, Kilian},
year = {2015},
month = {01},
pages = {957-966},
title = {From word embeddings to document distances},
booktitle = {Proceedings of the 32nd International Conference on Machine Learning (ICML 2015)}
}

@article{similarity.mes,
author = {Huang, Anna},
year = {2008},
month = {01},
pages = {},
title = {Similarity measures for text document clustering},
booktitle = {Proceedings of the 6th New Zealand Computer Science Research Student Conference}
}

@article{lsa,
author = {Deerwester, Scott and T. Dumais, Susan and Furnas, George and Landauer, Thomas and Harshman, Richard},
year = {1990},
month = {09},
pages = {391-407},
title = {Indexing By Latent Semantic Analysis},
volume = {41},
booktitle = {Journal of the American Society for Information Science}
}

@article{tfidf,
author = {Sparck Jones, K},
year = {2018},
month = {08},
pages = {},
title = {A statistical interpretation of term specificity and its application in retrieval}
}

@Misc{scipy,
  author =    {Eric Jones and Travis Oliphant and Pearu Peterson and others},
  title =     {{SciPy}: Open source scientific tools for {Python}},
  year =      {2001--},
  url = "http://www.scipy.org/",
  note = {[Online; accessed <today>]}
}

@inproceedings{gensim,
      title = {{Software Framework for Topic Modelling with Large Corpora}},
      author = {Radim {\v R}eh{\r u}{\v r}ek and Petr Sojka},
      booktitle = {{Proceedings of the LREC 2010 Workshop on New
           Challenges for NLP Frameworks}},
      pages = {45--50},
      year = 2010,
      month = May,
      day = 22,
      publisher = {ELRA},
      address = {Valletta, Malta},
      note={\url{http://is.muni.cz/publication/884893/en}},
      language={English}
}

@article{scikit-learn,
 title={Scikit-learn: Machine Learning in {P}ython},
 author={Pedregosa, F. and Varoquaux, G. and Gramfort, A. and Michel, V.
         and Thirion, B. and Grisel, O. and Blondel, M. and Prettenhofer, P.
         and Weiss, R. and Dubourg, V. and Vanderplas, J. and Passos, A. and
         Cournapeau, D. and Brucher, M. and Perrot, M. and Duchesnay, E.},
 journal={Journal of Machine Learning Research},
 volume={12},
 pages={2825--2830},
 year={2011}
}

@article{similarity.measures,
author = {Huang, Anna},
year = {2008},
month = {01},
pages = {},
title = {Similarity measures for text document clustering},
booktitle = {Proceedings of the 6th New Zealand Computer Science Research Student Conference}
}

@article{word2vec.lexical,
author = {Lee, Yang-Yin and Ke, Hao and Huang, Hen-Hsen and Chen, Hsin-Hsi},
year = {2016},
month = {04},
pages = {73-74},
title = {Combining Word Embedding and Lexical Database for Semantic Relatedness Measurement}
}

@book{han2012mining,
  author = {Han, Jiawei and Kamber, Micheline and Pei, Jian},
  description = {Data Mining: Concepts and Techniques (Morgan Kaufmann Series in Data Management Systems): Amazon.de: Jiawei Han, Micheline Kamber, Jian Pei: Englische Bücher},
  isbn = {0123814790},
  keywords = {data mining tobuy},
  publisher = {Morgan Kaufmann Publishers},
  title = {Data mining concepts and techniques, third edition},
  year = 2012
}

@article{semantic.short,
author = {De Boom, Cedric and Van Canneyt, Steven and Demeester, Thomas and Dhoedt, Bart},
year = {2016},
month = {06},
pages = {},
title = {Representation learning for very short texts using weighted word embedding aggregation},
volume = {80},
booktitle = {Pattern Recognition Letters}
}

@article{nmi.fair,
author = {Amelio, Alessia and Pizzuti, Clara},
year = {2015},
month = {08},
pages = {},
title = {Is Normalized Mutual Information a Fair Measure for Comparing Community Detection Methods?}
}

@article{comparing.partitions,
author = {Hubert, Lawrence and Arabie, Phipps},
year = {1985},
month = {02},
pages = {193-218},
title = {Comparing Partitions},
volume = {2},
booktitle = {Journal of Classification}
}
